<record><leader>00000cas a22000007a 4500</leader><controlfield tag="001">20556769</controlfield><controlfield tag="008">891027d19261926mouwr ne      0    0eng d</controlfield><datafield ind1=" " ind2=" " tag="010"><subfield code="a">sn 89067119 </subfield></datafield><datafield ind1=" " ind2=" " tag="040"><subfield code="a">MQN</subfield><subfield code="b">eng</subfield><subfield code="c">MQN</subfield><subfield code="d">OCLCQ</subfield><subfield code="d">OCLCF</subfield><subfield code="d">OCLCO</subfield></datafield><datafield ind1=" " ind2=" " tag="042"><subfield code="a">msc</subfield></datafield><datafield ind1=" " ind2=" " tag="043"><subfield code="a">n-us-mo</subfield></datafield><datafield ind1="0" ind2="4" tag="245"><subfield code="a">The Northwest Missourian and the Excelsior Springs daily news-call.</subfield></datafield><datafield ind1=" " ind2=" " tag="260"><subfield code="a">Excelsior Springs, Mo. :</subfield><subfield code="b">Missouri Press Pub. Co.,</subfield><subfield code="c">1926.</subfield></datafield><datafield ind1=" " ind2=" " tag="300"><subfield code="a">v.</subfield></datafield><datafield ind1=" " ind2=" " tag="310"><subfield code="a">Weekly</subfield></datafield><datafield ind1="0" ind2=" " tag="362"><subfield code="a">Vol. 3, no. 12 (Jan. 7, 1925 [i.e. 1926])-v. 3, no. 20 (Mar. 4, 1926) = v. 45, no. 122-v. 45, no. 129.</subfield></datafield><datafield ind1=" " ind2="0" tag="651"><subfield code="a">Excelsior Springs (Mo.)</subfield><subfield code="v">Newspapers.</subfield></datafield><datafield ind1=" " ind2="7" tag="655"><subfield code="a">Newspapers.</subfield><subfield code="2">fast</subfield><subfield code="0">(OCoLC)fst01423814</subfield></datafield><datafield ind1=" " ind2="7" tag="651"><subfield code="a">Missouri</subfield><subfield code="z">Excelsior Springs.</subfield><subfield code="2">fast</subfield><subfield code="0">(OCoLC)fst01234874</subfield></datafield><datafield ind1=" " ind2=" " tag="752"><subfield code="a">United States</subfield><subfield code="b">Missouri</subfield><subfield code="c">Clay</subfield><subfield code="d">Excelsior Springs.</subfield></datafield><datafield ind1="0" ind2="0" tag="780"><subfield code="t">Excelsior Springs daily news-call</subfield><subfield code="w">(DLC)sn 86063311</subfield></datafield><datafield ind1="0" ind2="0" tag="785"><subfield code="t">Morning news and the Northwest Missourian and the Daily news-call</subfield><subfield code="w">(DLC)sn 89067371</subfield></datafield></record>